<record><leader>00000cas a22000007a 4500</leader><controlfield tag="001">39160029</controlfield><controlfield tag="008">980521d19241935tnudn ne      0    0eng d</controlfield><datafield ind1=" " ind2=" " tag="010"><subfield code="a">sn 98069812 </subfield></datafield><datafield ind1=" " ind2=" " tag="040"><subfield code="a">TGN</subfield><subfield code="b">eng</subfield><subfield code="c">TGN</subfield><subfield code="d">OCLCQ</subfield><subfield code="d">OCLCF</subfield><subfield code="d">OCLCO</subfield></datafield><datafield ind1="1" ind2=" " tag="029"><subfield code="a">AU@</subfield><subfield code="b">000013957574</subfield></datafield><datafield ind1=" " ind2=" " tag="042"><subfield code="a">msc</subfield></datafield><datafield ind1=" " ind2=" " tag="043"><subfield code="a">n-us-tn</subfield></datafield><datafield ind1="0" ind2="0" tag="245"><subfield code="a">Johnson City staff-news.</subfield></datafield><datafield ind1="1" ind2=" " tag="246"><subfield code="i">Sunday issues for Aug. 17-Nov. 23, 1924 and Aug. 30, 1925-Jan. 20, 1935 have title:</subfield><subfield code="a">Johnson City Chronicle combined with Johnson City staff-news</subfield></datafield><datafield ind1="1" ind2=" " tag="246"><subfield code="i">Sunday issues for Nov. 30, 1924-Aug. 23, 1925 have title:</subfield><subfield code="a">Johnson City Chronicle, Johnson City staff-news</subfield></datafield><datafield ind1="3" ind2="0" tag="246"><subfield code="a">Staff news</subfield></datafield><datafield ind1=" " ind2=" " tag="260"><subfield code="a">Johnson City, Tenn. :</subfield><subfield code="b">Appalachian Publishers,</subfield><subfield code="c">1924-</subfield></datafield><datafield ind1=" " ind2=" " tag="300"><subfield code="a">v.</subfield></datafield><datafield ind1=" " ind2=" " tag="310"><subfield code="a">Daily (except Sat.)</subfield></datafield><datafield ind1="0" ind2=" " tag="362"><subfield code="a">Vol. 15, no. 118 (Aug. 13, 1924)-</subfield></datafield><datafield ind1="1" ind2=" " tag="362"><subfield code="a">Ceased in Jan. 1935.</subfield></datafield><datafield ind1=" " ind2=" " tag="580"><subfield code="a">Sunday issues for Aug. 17, 1924-Jan. 20, 1935 are a combined publication with: Johnson City chronicle.</subfield></datafield><datafield ind1=" " ind2=" " tag="580"><subfield code="a">Formed by the union of: Johnson City staff (Johnson City, Tenn. : Daily), and: Evening news (Johnson City, Tenn.).</subfield></datafield><datafield ind1=" " ind2=" " tag="580"><subfield code="a">Merged with Johnson City press (Johnson City, Tenn. : 1934), to form: Johnson City press and staff-news.</subfield></datafield><datafield ind1=" " ind2="0" tag="651"><subfield code="a">Johnson City (Tenn.)</subfield><subfield code="v">Newspapers.</subfield></datafield><datafield ind1=" " ind2="0" tag="651"><subfield code="a">Washington County (Tenn.)</subfield><subfield code="v">Newspapers.</subfield></datafield><datafield ind1=" " ind2="7" tag="655"><subfield code="a">Newspapers.</subfield><subfield code="2">fast</subfield><subfield code="0">(OCoLC)fst01423814</subfield></datafield><datafield ind1=" " ind2="7" tag="651"><subfield code="a">Tennessee</subfield><subfield code="z">Johnson City.</subfield><subfield code="2">fast</subfield><subfield code="0">(OCoLC)fst01205644</subfield></datafield><datafield ind1=" " ind2="7" tag="651"><subfield code="a">Tennessee</subfield><subfield code="z">Washington County.</subfield><subfield code="2">fast</subfield><subfield code="0">(OCoLC)fst01234578</subfield></datafield><datafield ind1=" " ind2=" " tag="752"><subfield code="a">United States</subfield><subfield code="b">Tennessee</subfield><subfield code="c">Washington</subfield><subfield code="d">Johnson City.</subfield></datafield><datafield ind1="1" ind2="4" tag="780"><subfield code="t">Johnson City staff (Johnson City, Tenn. Daily)</subfield><subfield code="w">(DLC)sn 98069811</subfield></datafield><datafield ind1="1" ind2="4" tag="780"><subfield code="t">Evening news (Johnson City, Tenn.)</subfield><subfield code="w">(DLC)sn 98069799</subfield></datafield><datafield ind1="1" ind2="7" tag="785"><subfield code="t">Johnson City press (Johnson City, Tenn. : 1934)</subfield><subfield code="w">(DLC)sn 98069814</subfield></datafield><datafield ind1="1" ind2="7" tag="785"><subfield code="t">Johnson City press and staff-news</subfield><subfield code="w">(DLC)sn 98069813</subfield></datafield><datafield ind1="1" ind2=" " tag="787"><subfield code="t">Johnson City chronicle</subfield><subfield code="w">(DLC)sn 98069816</subfield></datafield></record>